{1:F01SBSAARBAAXXX1163458311}{2:O9500325120802ICBKCNBJAXXX16259145261208011625N}{3:{108:0101027592108}}{4:
:20:ICBSBS010162793I
:25:0101000111902570111
:28C:00028/001
:60F:C120801CNY204922,87
:61:1208010801D100,00NMSCNONREF
MANAGEMENT-CHARGE
:62F:C120801CNY204822,87
-}$
{1:F01SBSAARBAAXXX1163458313}{2:O9500327120802ICBKCNBJASHI16259146641208011627N}{3:{108:1001024168108}}{4:
:20:SHISBS100176041I
:25:1001190719027326739
:28C:00198/001
:60F:C120801CNY0,
:62F:C120801CNY0,
-}$
{1:F01SBSAARBAAXXX1163458366}{2:O9502317120801SBZAZAJJGXXX44711855401208011817N}{3:{108:1208010106928430}}{4:
:20:21400001AV020379
:25:7224056
:28C:12146/00001
:60F:C120801ZAR31335,75
:61:1208010801C44,36FINT120801FINT652712//NO REF
INTEREST ON ACCOUNT
:62F:C120801ZAR31380,11
-}$
{1:F01SBSAARBAAXXX1163458392}{2:O9501927120801PNBPUS33DPHL09966332021208012028N}{4:
:20:IS1249-01-120801
:25:2000090657678
:28C:00148/00001
:60F:C120801USD70602,00
:61:1208010801CD211,18NTRFOPTSP2-950768-12//F60801166893000
B/O:BANCO SANTANDER-CONC SERV SPC
:61:1208010801CD940,00NMSC0712 IFD FEE SHA//0712 IFD FEE SHA
BCH:YOUR HEAD OFFICE
:61:1208010801CD2493,50NTRFOPTSP2-950769-12//F60801166920000
B/O:BANCO SANTANDER-CONC SERV SPC
:61:1208010801CD17013,26NTRF0980446120120730//F60730107138000
B/O:BANCO BPI
:61:1208010801CD36469,00NMSC0712 TPP FEE SHA//0712 TPP FEE SHA
BCH:YOUR HEAD OFFICE
:61:1208010801CD518662,00NTRF2012080100094822//F60801179510000
B/O:WELLS FARGO BANK NA
:61:1208010801CD6950009,65NMSCINVESTMNT 073112//V732027/080112
     9.65 INT  0.05000 PCT. 1 DAY
:61:1208010801DD245,36NMSC026/DEV/677320//F50801181725000
BEN:BBVA BANCO,ASUNCION, PARAGUAY
:61:1208010801DD363,50NTRF991026TRAN458280//F50801616017000
BEN:TOWERBANK INTERNATIONAL LTD
:61:1208010801DD436,99NTRF991026COBI825443//F50801615638000
BEN:WELLS FARGO BANK, NA
:61:1208010801DD517,50NTRF991026TRAN458510//F50801616068000
BEN:ITAU UNIBANCO S.A.
:61:1208010801DD785,69NTRF991026TRAN458484//F50801616026000
BEN:HSBC BANK USA, NA
:61:1208010801DD1021,00NTRF026TRAN458554//F50801616097000
BEN:WEBSTER BANK, N.A.
:62M:C120801USD7593030,55
-}$
{1:F01SBSAARBAAXXX1163458393}{2:O9501927120801PNBPUS33DPHL09966332031208012028N}{4:
:20:IS1249-02-120801
:25:2000090657678
:28C:00148/00002
:60M:C120801USD7593030,55
:61:1208010801DD1083,40NTRF991026COBI825568//F50801615349000
BEN:WELLS FARGO BANK, NA
:61:1208010801DD1239,70NTRF991026TRAN458538//F50801616039000
BEN:DISCOUNT BANK (LATIN AMERICA)
:61:1208010801DD1273,00NTRF991026TRAN458583//F50801616042000
BEN:BANCO SANTANDER
:61:1208010801DD1512,00NTRF991026COBI825447//F50801615597000
BEN:SUNTRUST BANK
:61:1208010801DD1800,00NTRF991026TRAN458611//F50801616082000
BEN:BB?T NORTH CAROLINA
:61:1208010801DD1855,00NTRF991026TRAN458487//F50801616010000
BEN:STANDARD CHARTERED BANK LTD
:61:1208010801DD1872,84NTRF991026TRAN458458//F50801618862000
BEN:BANCO POPULAR NORTH AMERICA
:61:1208010801DD2442,44NTRF991026TRAN458567//F50801616007000
BEN:NATIONAL WESTMINSTER BANK LTD.
:61:1208010801DD2447,54NTRF991026COBI825639//F50801615495000
BEN:BB?T NORTH CAROLINA
:61:1208010801DD2561,90NTRF991026TRAN458463//F50801618876000
BEN:BANCO POPULAR NORTH AMERICA
:61:1208010801DD2804,78NTRF991026TRAN458464//F50801618872000
BEN:BANCO POPULAR NORTH AMERICA
:61:1208010801DD3276,00NTRF991026TRAN458161//F50801616022000
BEN:NUEVO BANCO COMERCIAL SA
:61:1208010801DD3440,00NTRF991026COBI825641//F50801615345000
BEN:HSBC BANK USA, NA
:62M:C120801USD7565421,95
-}$
{1:F01SBSAARBAAXXX1163458394}{2:O9501927120801PNBPUS33DPHL09966332041208012028N}{4:
:20:IS1249-03-120801
:25:2000090657678
:28C:00148/00003
:60M:C120801USD7565421,95
:61:1208010801DD3469,95NTRF991026COBI819958//F50801618856000
BEN:DEUTSCHE BANK TRUST CO. AMERIC
:61:1208010801DD4090,16NTRF991026COBI825578//F50801615736000
BEN:WELLS FARGO BANK, NA
:61:1208010801DD4235,10NTRF991026TRAN458422//F50801616031000
BEN:BANCO SANTANDER
:61:1208010801DD4490,77NTRF991026TRAN458519//F50801615940000
BEN:BANK OF AMERICA
:61:1208010801DD4990,00NTRF026TRAN458514//F50801616103000
BEN:CITIBANK, NA
:61:1208010801DD5457,00NTRF991026TRAN458606//F50801616075000
BEN:BANCO DE SABADELL
:61:1208010801DD5676,53NTRF991026TRAN458544//F50801616087000
BEN:ITAU UNIBANCO S.A.
:61:1208010801DD5929,95NTRF991026TRAN458461//F50801618859000
BEN:BANCO POPULAR NORTH AMERICA
:61:1208010801DD7264,10NTRF991026COBI825470//F50801618844000
BEN:BANK OF AMERICA NA
:61:1208010801DD7337,83NTRF991026COBI825573//F50801615576000
BEN:CHINATRUST COMMERCIAL BANK
:61:1208010801DD7443,00NTRF991026COBI825350//F50801615596000
BEN:CHINA CONSTRUCTION BANK
:61:1208010801DD8100,00NTRF991026TRAN457901//F50801616015000
BEN:BOKF NA
:61:1208010801DD8410,00NTRF991026COBI825461//F50801615641000
BEN:HSBC BANK USA, NA
:62M:C120801USD7488527,56
-}$
{1:F01SBSAARBAAXXX1163458395}{2:O9501927120801PNBPUS33DPHL09966332051208012028N}{4:
:20:IS1249-04-120801
:25:2000090657678
:28C:00148/00004
:60M:C120801USD7488527,56
:61:1208010801DD8538,55NTRF991026COBI825672//F50801618846000
BEN:SKANDINAVISKA ENSKILDA BANKEN
:61:1208010801DD8824,78NTRF991026COBI825684//F50801615860000
BEN:BANK OF AMERICA NA
:61:1208010801DD9266,41NTRF991026TRAN458535//F50801615969000
BEN:BANK OF NEW YORK
:61:1208010801DD9335,70NTRF991026COBI825632//F50801615396000
BEN:BNP PARIBAS
:61:1208010801DD9435,00NTRF991026COBI825490//F50801615708000
BEN:BANK OF AMERICA NA
:61:1208010801DD9472,59NTRF991026COBI825646//F50801615343000
BEN:BANCO DO BRAZIL
:61:1208010801DD9500,00NTRF991026COBI825164//F50801615735000
BEN:CHINA GUANGFA BANK CO., LTD
:61:1208010801DD9900,00NTRF991026TRAN458631//F50801616094000
BEN:JPMORGAN CHASE BANK
:61:1208010801DD9983,00NTRF991026TRAN458587//F50801616037000
BEN:BANCO POPULAR ESPANOL
:61:1208010801DD10000,00NTRF991026COBI825399//F50801615648000
BEN:HSBC BANK USA, NA
:61:1208010801DD11138,26NTRF991026TRAN458573//F50801616032000
BEN:WELLS FARGO BANK, NA
:61:1208010801DD11249,36NTRF991026COBI825677//F50801615672000
BEN:PNC BANK, NATIONAL ASSOCIATION
:61:1208010801DD11974,00NTRF991026TRAN458610//F50801615975000
BEN:BANKIA SA (MIAMI BRANCH)
:62M:C120801USD7359909,91
-}$
{1:F01SBSAARBAAXXX1163458396}{2:O9501927120801PNBPUS33DPHL09966332061208012028N}{4:
:20:IS1249-05-120801
:25:2000090657678
:28C:00148/00005
:60M:C120801USD7359909,91
:61:1208010801DD12188,82NTRF991026COBI825644//F50801615673000
BEN:CITIBANK, NA
:61:1208010801DD13927,03NTRF991026COBI825189//F50801615455000
BEN:MANUFACTURERS? TRADERS TRUST C
:61:1208010801DD14332,56NTRF991026TRAN458553//F50801615971000
BEN:BANK OF AMERICA, NA
:61:1208010801DD14845,69NTRF991026COBI825218//F50801615637000
BEN:US BANK, MINNESOTA
:61:1208010801DD15015,00NTRF991026COBI825346//F50801615355000
BEN:BANCO DO BRAZIL
:61:1208010801DD15467,20NTRF991026COBI825520//F50801615719000
BEN:CITIBANK, NA
:61:1208010801DD16624,13NTRF991026TRAN458516//F50801616090000
BEN:BANCO ITAU BBA SA(FRMLY BANCO
:61:1208010801DD16686,00NTRF991026TRAN458569//F50801616060000
BEN:JPMORGAN CHASE BANK
:61:1208010801DD18257,76NTRF991026TRAN457957//F50801616067000
BEN:JPMORGAN CHASE BANK
:61:1208010801DD19506,32NTRF991026COBI825681//F50801615677000
BEN:BANCO SANTANDER-CONC SERV SPC
:61:1208010801DD20736,00NTRF991026COBI825521//F50801615721000
BEN:BANCO DO BRAZIL
:61:1208010801DD22729,03NTRF991026COBI825251//F50801615590000
BEN:JPMORGAN CHASE BANK
:61:1208010801DD23290,00NTRF991026COBI825636//F50801615407000
BEN:DEUTSCHE BANK AG
:62M:C120801USD7136304,37
-}$
{1:F01SBSAARBAAXXX1163458397}{2:O9501927120801PNBPUS33DPHL09966332071208012028N}{4:
:20:IS1249-06-120801
:25:2000090657678
:28C:00148/00006
:60M:C120801USD7136304,37
:61:1208010801DD23319,50NTRF991026COBI825432//F50801615366000
BEN:BANK OF CHINA
:61:1208010801DD23377,50NTRF991026COBI825462//F50801615640000
BEN:DEUTSCHE BANK TRUST CO. AMERIC
:61:1208010801DD25072,00NTRF991026COBI825425//F50801615380000
BEN:CITIBANK, NA
:61:1208010801DD26088,79NTRF991026COBI825733//F50801615523000
BEN:CITIBANK, NA
:61:1208010801DD26571,60NTRF991026COBI824977//F50801615454000
BEN:BANCO SANTANDER SA
:61:1208010801DD27794,00NTRF991026TRAN458595//F50801616004000
BEN:BANK OF NEW YORK
:61:1208010801DD29904,34NTRF991026COBI825601//F50801615372000
BEN:BANK OF NEW YORK
:61:1208010801DD30247,72NTRF991026COBI825144//F50801615579000
BEN:BANCO BILBAO VIZCAYA ARGENTARI
:61:1208010801DD31972,19NMSC991026COBI811425//F50801615763000
BEN:CITIBANK GLOBAL COLLECTI
:61:1208010801DD32491,86NTRF991026COBI824978//F50801615415000
BEN:CITIBANK, NA
:61:1208010801DD35895,29NTRF991026TRAN458566//F50801616019000
BEN:BANCO BISA
:61:1208010801DD36071,88NTRF991026COBI825537//F50731597543000
BEN:SKANDINAVISKA ENSKILDA BANKEN
:61:1208010801DD36405,50NTRF991026COBI825648//F50801615340000
BEN:BANK OF AMERICA NA
:62M:C120801USD6751092,20
-}$
{1:F01SBSAARBAAXXX1163458398}{2:O9501927120801PNBPUS33DPHL09966332081208012028N}{4:
:20:IS1249-07-120801
:25:2000090657678
:28C:00148/00007
:60M:C120801USD6751092,20
:61:1208010801DD37044,00NTRF991026COBI825629//F50801615369000
BEN:STANDARD CHARTERED BANK LTD
:61:1208010801DD38592,59NTRF991026COBI825518//F50801615722000
BEN:ITAU UNIBANCO S.A.
:61:1208010801DD40572,24NTRF991026COBI824397//F50801615726000
BEN:WELLS FARGO BANK, NA
:61:1208010801DD42349,44NTRF991026COBI825697//F50731597729000
BEN:JPMORGAN CHASE BANK
:61:1208010801DD42639,24NTRF991026COBI825633//F50801615385000
BEN:DEUTSCHE BANK TRUST CO. AMERIC
:61:1208010801DD43868,15NTRF991026TRAN458616//F50801616080000
BEN:BANCO COMAFI S.A.
:61:1208010801DD45050,00NTRF991026COBI825380//F50801615614000
BEN:BANCO DO BRAZIL
:61:1208010801DD45258,48NTRF991026COBI825526//F50801615738000
BEN:ABN AMRO BANK N.V.
:61:1208010801DD46110,00NTRF991026COBI825381//F50801615611000
BEN:DEUTSCHE BANK TRUST CO. AMERIC
:61:1208010801DD46363,14NTRF991026COBI825087//F50801615580000
BEN:US BANK, MINNESOTA
:61:1208010801DD51840,00NMSC991026COBI818233//F50801615756000
BEN:ING BANK,NETHERLANDS
:61:1208010801DD51840,00NMSC991026COBI818232//F50801615757000
BEN:ING BANK,NETHERLANDS
:61:1208010801DD52920,00NMSC991026COBI819638//F50801615744000
BEN:ING BANK,NETHERLANDS
:62M:C120801USD6166644,92
-}$
{1:F01SBSAARBAAXXX1163458399}{2:O9501927120801PNBPUS33DPHL09966332091208012028N}{4:
:20:IS1249-08-120801
:25:2000090657678
:28C:00148/00008
:60M:C120801USD6166644,92
:61:1208010801DD53826,86NMSC023WELLSFARGOPR2//C93509236/080112
BCH:YOUR HEAD OFFICE
:61:1208010801DD54600,00NTRF991026COBI825607//F50801615357000
BEN:CITIBANK,N.A.
:61:1208010801DD56404,74NTRF991026COBI825695//F50801615373000
BEN:JPMORGAN CHASE BANK
:61:1208010801DD59400,00NMSC991026COBI819048//F50801615745000
BEN:BANK OF NEW YORK MELLON,,COLLE
:61:1208010801DD59820,60NTRF991026COBI825500//F50801615593000
BEN:BANK OF AMERICA NA
:61:1208010801DD63600,00NTRF991026COBI825474//F50801615704000
BEN:BANK OF AMERICA NA
:61:1208010801DD64559,14NMSC991026COBI815282//F50801615762000
BEN:HONGKONG AND SHANGHAI BA,HONG
:61:1208010801DD70988,88NTRF991026COBI825486//F50801615700000
BEN:DISCOUNT BANK (LATIN AMERICA)
:61:1208010801DD70998,01NTRF991026COBI825679//F50801615669000
BEN:JPMORGAN CHASE BANK
:61:1208010801DD82733,00NTRF991026COBI825504//F50801615592000
BEN:STANDARD CHARTERED BANK LTD
:61:1208010801DD89439,84NTRF991026COBI825698//F50801615496000
BEN:CITIBANK, NA
:61:1208010801DD90438,63NTRF991026TRAN458499//F50801620055000
BEN:BANCO DO BRAZIL
:61:1208010801DD105450,00NTRF991026COBI825035//F50801615578000
BEN:HSBC BANK USA, NA
:62M:C120801USD5244385,22
-}$
{1:F01SBSAARBAAXXX1163458400}{2:O9501927120801PNBPUS33DPHL09966332101208012028N}{4:
:20:IS1249-09-120801
:25:2000090657678
:28C:00148/00009
:60M:C120801USD5244385,22
:61:1208010801DD120934,08NTRF991026COBI825551//F50801619693000
BEN:JPMORGAN CHASE BANK
:61:1208010801DD136950,00NTRF991026COBI825654//F50801619705000
BEN:CITIBANK, NA
:61:1208010801DD158056,28NTRF991026TRAN458605//F50801616078000
BEN:BANCO COMAFI S.A.
:61:1208010801DD195062,14NTRF991026COBI825668//F50731597542000
BEN:MELLON BANK N.A
:61:1207310801DD316465,70NMSC023WELLSFARGOPR2//C93509211/080112
BCH:YOUR HEAD OFFICE
:61:1208010801DD4250000,00NMSCINVESTMNT 080112//V732027/080112
INVESTMENT PLACED AT  0.05000 PCT.
:62F:C120801USD66917,02
:64:C120801USD66917,02
-}$
{1:F01SBSAARBAAXXX1163458401}{2:O9501927120801PNBPUS33DPHL09966332111208012028N}{4:
:20:IS1250-01-120801
:25:2000090754636
:28C:00148/00001
:60F:C120801USD78,31
:61:1208010801CD131300,18NMSCINVESTMNT 073112//V732027/080112
     0.18 INT  0.05000 PCT. 1 DAY
:61:1208010801DD131300,00NMSCINVESTMNT 080112//V732027/080112
INVESTMENT PLACED AT  0.05000 PCT.
:62F:C120801USD78,49
:64:C120801USD78,49
-}$
{1:F01SBSAARBAAXXX1163458402}{2:O9501930120801SCBLUS33BXXX74743931061208012030N}{3:{108:1208020003854-01}}{4:
:20:2012810001028
:25:3544036885001
:28C:905/1
:60F:C120731USD12861643,41
:61:1208010801CD8,32NTRFFTE1207302517000//2012080100035212
0043333 0001 TESORERIA GENERAL SEG
:61:1208010801CD480,89NTRFFTE1207302504700//2012080100035259
0043522 0001 TESORERIA GENERAL SEG
:61:1208010801CD713,38NTRFFTE1207302496600//2012080100035295
0043593 0001 TESORERIA GENERAL SEG
:61:1208010801CD991,21NTRF01531259608-6//2012080100139338
0360383 0001 WYNY DO BRASIL IND CO
:61:1208010801CD1674,71NTRF1692914.21017//2012080100109139
FROM.ITAU UNIBANCO SA NEW NOSTRO A
:61:1208010801CD2038,00NTRF890759327//2012080100137617
0355848 0001 TRANSFERMATE, INC.
:61:1208010801CD2195,21NTRFFTE1207302622700//2012080100035342
0043700 0001 TESORERIA GENERAL SEG
:61:1208010801CD3975,00NTRFFTS1208019447600//2012080100047021
0100091 0001 WINNING SURVEYS PTY L
:61:1208010801CD4558,25NTRF01-35044//2012080100029062
FROM.BANCO INTERNACIONAL
:62M:C120801USD12878278,38
-}$
{1:F01SBSAARBAAXXX1163458403}{2:O9501930120801SCBLUS33BXXX74743931301208012030N}{3:{108:1208020003936-01}}{4:
:20:2012810001028
:25:3544036885001
:28C:905/3
:60M:C120801USD13003541,70
:61:1208010801DD21428,44NTRF991026COBI825510//2012080100111518
0801B1Q9282C004065 NORTHERN TRUST
:61:1208010801DD27650,00NTRF991026COBI825566//2012080100110771
CDT.COMMERZBANK A.G.
:61:1208010801DD30882,15NTRF991026COBI825528//2012080100112923
280138 0355 CHIPS BEN BANCO DO BRA
:61:1208010801DD32400,00NTRF991026COBI825036//2012080100113087
280774 0108 HSBC BANK USA, N.A.
:61:1208010801DD36291,77NTRF991026COBI825511//2012080100112305
0801B1Q9282C004095 NORTHERN TRUST
:61:1208010801DD40250,37NTRF991026COBI825565//2012080100112003
CDT.BANCO DE CREDITO E INVERSIONES
:61:1208010801DD43758,00NTRF991026COBI825282//2012080100111138
CDT.BANCO ITAU BBA HO CON AC
:61:1208010801DD46512,00NTRF991026COBI824759//2012080100112726
279734 0008 CITIBANK N.A.
:61:1208010801DD47530,50NTRF991026COBI825136//2012080100111464
CDT.CANADIAN IMPERIAL BANK OF COMM
:61:1208010801DD51290,33NTRF991026COBI825559//2012080100111211
CDT.BANCO SANTANDER  BRASIL  S.A.
:61:1208010801DD51319,20NTRF991026COBI825579//2012080100110803
CDT.BANCO SANTANDER  BRASIL  S.A.
:61:1208010801DD53500,00NTRF991026COBI825378//2012080100142255
0801B1Q9282C007222 ROYAL BANK OF C
:62M:C120801USD12520728,94
-}$
{1:F01SBSAARBAAXXX1163458404}{2:O9501930120801SCBLUS33BXXX74743931401208012030N}{3:{108:1208020003963-01}}{4:
:20:2012810001028
:25:3544036885001
:28C:905/4
:60M:C120801USD12520728,94
:61:1208010801DD62400,00NTRF991026COBI824448//2012080100112753
279792 0008 CITIBANK N.A.
:61:1208010801DD91312,08NTRF991026COBI825498//2012080100110961
273902 0002 JP MORGAN CHASE BANK
:61:1208010801DD99043,81NTRF991026COBI825558//2012080100111214
CDT.BANCO SANTANDER  BRASIL  S.A.
:61:1208010801DD137025,00NTRF991026COBI825685//2012080100111507
CDT.WOORI BANK
:61:1208010801DD143242,62NTRF991026COBI825479//2012080100137233
CDT.BANCO ITAU BBA HO CON AC
:61:1208010801DD177646,40NTRF991026COBI825439//2012080100137223
355043 0001 BANK OF NEW YORK MELLO
:61:1208010801DD186948,00NTRF991026COBI825626//2012080100137261
355101 0959 BANK AMERICA INTERNATI
:61:1208010801DD196020,00NTRF991026COBI825444//2012080100135286
CDT.BANCO ITAU BBA SA NASSAU
:61:1208010801DD210818,00NTRF991026COBI825597//2012080100137251
CDT.BANCO ITAU BBA HO CON AC
:61:1208010801DD248397,00NTRF991026COBI825620//2012080100137255
CDT.BANCO BRADESCO SA  AS THE SERV
:62F:C120801USD10967876,03
:64:C120801USD10967876,03
-}$
{1:F01SBSAARBAAXXX1163458405}{2:O9501930120801SCBLUS33AXXX08688451881208012030N}{3:{108:1208020003990-01}}{4:
:20:2012810001028
:25:3544036885001
:28C:905/2
:60M:C120801USD12878278,38
:61:1208010801CD5028,00NTRF1043071206979A0B//2012073100072794
FROM.CREDITO VALTELLINESE SC
:61:1208010801CD10426,20NTRF01531257880//2012080100145635
0373849 0001 GOLDEN TRADE COM INTE
:61:1208010801CD11300,00NTRF002112HB00416//2012073100127071
FROM.BANCA MONTE DEI PASCHI DI SIE
:61:1208010801CD12398,20NTRF48999127306622RB//2012080100100074
0229824 0531 PRASCO S.P.A.
:61:1208010801CD136724,00NTRF1692908.21019//2012080100116524
FROM.ITAU UNIBANCO SA NEW NOSTRO A
:61:1208010801DD64,88FINTINTEREST CAPITAL//44050102800015
SYSTEM GENERATED DEBIT INTEREST
:61:1208010801DD190,11NTRF991026COBI825669//2012080100119585
300414 0001 BANK OF NEW YORK MELLO
:61:1208010801DD2384,02NTRF991026COBI825156//2012080100113916
CDT.CHINA MERCHANT BANK
:61:1208010801DD5495,63NTRF991026COBI825702//2012080100112895
CDT.BANCO INDUSTRIAL E COMERCIAL S
:61:1208010801DD11493,44NTRF991026COBI825569//2012080100110997
0801B1Q9282C004038 FEDBEN COMERICA
:61:1208010801DD13400,00NTRF991026COBI825687//2012080100110891
273545 0108 HSBC BANK USA, N.A.
:61:1208010801DD17585,00NTRF991026COBI825361//2012080100113127
CDT.INDUSTRIAL AND COMML BANK OF C
:62M:C120801USD13003541,70
-}$
{1:F01SBSAARBAAXXX1164458414}{2:O9502115120801BOFAUS3NBXXX90476255591208020626N}{3:{108:1208020024580-01}}{4:
:20:DAILY STATEMENT
:25:6550116703
:28C:00148/00001
:60F:C120801USD280,83
:61:1208010801DD119,53NINTNONREF//INTEREST
DEBIT INTEREST CHARGED
:62F:C120801USD161,30
:64:C120801USD161,30
-}$
{1:F01SBSAARBAAXXX1164458415}{2:O9502115120801BOFAUS3NAXXX90208420321208020626N}{3:{108:1208020024607-01}}{4:
:20:DAILY STATEMENT
:25:6550316764
:28C:00148/00001
:60F:C120801USD29220075,51
:61:1208010801CD120,S202EBANKGO46616800//2012073000096313
SND NATIONAL WESTMINSTER BAN LONDO
:61:1208010801CD275,S103NONREF//2012080100331290
ORG 1/SOCIEDAD MARKETING Y D /CL/0
:61:1208010801CD350,NTRFBPS122549551200//2012080100133609
ORG BANK JULIUS BAER CO. L ZURIC
:61:1208010801CD550,S103NONREF//2012080100274648
ORG ATENTO DE GUATEMALA S A BANCO
:61:1208010801CD716,05NTRF  20120529-0347//2012080100281435
ORG FRANKFURT KURNIT KLEIN NEW Y
:61:1208010801CD720,NTRFNONREF//2012080100321570
ORG U.S. HOLOCAUST MEMORIAL SND
:61:1208010801CD730,NTRFNONREF//2012080100334882
SND BANK OF AMERICA NA CPA USA BBK
:61:1208010801CD875,50NTRFS669553//2012080100037543
ORG TRANSMARES LOGISTICA LTD BOGOT
:61:1208010801CD950,S103NONREF//2012080100152398
ORG PRO SEWING CC JOHAN SND
:61:1208010801CD1000,NTRF2012080100097516//2012080100249872
ORG PIERPOINT INTERNATIONAL SAN J
:61:1208010801CD1020,NTRF0801037CJ3769306//2012080100341712
ORG PASTOR MITE MARIA JOSE GUAYA
:61:1208010801CD1080,NTRF3221388//2012080100287712
ORG DITECH NETWORKS CHECKING SANJO
:61:1208010801CD1089,S202EBANKGO46621256//2012073000122330
SND NATIONAL WESTMINSTER BAN LONDO
:61:1208010801CD1180,NTRFNONREF//2012080100306214
ORG PROGUINAL SA CALLE SND
:61:1208010801CD1185,15NTRFNONREF//2012080100323030
ORG SENSORMATIC ELECTRONICS PRINC
:62M:C120801USD29231916,21
-}$
{1:F01SBSAARBAAXXX1164458416}{2:O9502115120801BOFAUS3NAXXX90208420331208020626N}{3:{108:1208020024608-01}}{4:
:20:DAILY STATEMENT
:25:6550316764
:28C:00148/00002
:60M:C120801USD29231916,21
:61:1207310801CD1187,58S103NONREF//2012080100033850
ORG MARTINEZ RODRIGUEZ MARIA CHILE
:61:1208010801CD1280,NTRFNONREF//2012080100320691
ORG FOX LATIN AMERICA CHANNE LOS A
:61:1208010801CD1380,NTRFNONREF//2012080100312524
SND CONSUMER MONEY BBK STANDARD
:61:1208010801CD1490,NTRFIBL OF 12/08/01//2012080100335178
ORG LATPRO INC DBA DIVERSITY BOULD
:61:1208010801CD1582,73NTRF6008212GGZ740001//2012080100093940
SND BANKAMERICA LONDON BRANC LONDO
:61:1208010801CD1835,09S202H032930712105345//2012073000129787
SND BANCO POPOLARE SOC. COOP VERON
:61:1208010801CD1858,78S103NONREF//2012080100124543
ORG NATIONAL SOCIAL SECURITY JERUS
:61:1208010801CD1968,75NTRFC378927OCP080112//2012080100051013
ORG OT DE REPRESENTANTES EN MEX
:61:1208010801CD2000,S103NONREF//2012080100353101
SND STANDARD BANK ARGENTINA BUENO
:61:1208010801CD2049,NTRFNONREF//2012080100320690
ORG FOX LATIN AMERICA CHANNE LOS A
:61:1208010801CD2100,NTRFNONREF//2012080100280460
SND BADIR MONEY BBK STANDARD BANK
:61:1208010801CD2152,40NTRFNONREF//2012080100211124
ORG EDITORIAL MEDICA PANAMER ARGEN
:61:1208010801CD2230,NTRFNONREF//2012080100259923
ORG INTEGRAS CAPITAL S.A. AIRES
:61:1208010801CD2420,76NTRF6008212GGX310001//2012080100093532
SND BANKAMERICA LONDON BRANC LONDO
:61:1208010801CD3166,NTRFTTHBFE94621MNY//2012080100037130
ORG 1/SCHENKER SA /FR/9 SND HSBC
:62M:C120801USD29260617,30
-}$
{1:F01SBSAARBAAXXX1164458417}{2:O9502115120801BOFAUS3NAXXX90208420341208020626N}{3:{108:1208020024609-01}}{4:
:20:DAILY STATEMENT
:25:6550316764
:28C:00148/00003
:60M:C120801USD29260617,30
:61:1208010801CD3188,60NTRFNONREF//2012080100254061
ORG AFEX TRANSFERENCIAS Y CA SANTI
:61:1208010801CD3480,NTRF297511//2012080100207576
ORG KPMG PIETA SND THE BANK OF NEW
:61:1208010801CD3605,38S2023655660944608110//2012073000115512
ORG BANCO DE SABADELL, S.A. SABAD
:61:1208010801CD3625,NTRFCAM120801036//2012080100298486
ORG FABRICA NACIONAL DEPAPEL MONTE
:61:1208010801CD3795,NTRFMTZ9653317//2012080100197217
ORG SPEED HOUSE MEXICO SA DE MOC 0
:61:1208010801CD3970,NTRF302022020007551//2012080100236346
ORG COMPANIA ORIENTAL DE MIN UY/MO
:61:1208010801CD4083,09NTRF27-975882//2012080100322605
ORG L' ACERIE SA ASUNC SND WELLS
:61:1208010801CD5192,66NTRFNONREF//2012080100131909
ORG BENEFITS PAYMENT SERVICE CHICA
:61:1208010801CD5358,20NTRF01531258937//2012080100312058
ORG PEUGEOT CITROENDO BRASIL
:61:1208010801CD5510,NTRF2012080100134918//2012080100293669
ORG COMERCIAL PATY IMPORTACA BRASI
:61:1208010801CD5669,30NTRF3 281//2012080100354308
ORG 1/COSMETICOS AVON SA /CL/S SND
:61:1208010801CD5760,59NTRFC416428OCP080112//2012080100140019
ORG MATOMY MEDIA LTD. REF N SND
:61:1208010801CD6286,80S103NONREF//2012080100356678
ORG SIESQUEN PISCOYA JOSE LU EURIP
:61:1208010801CD7160,96S103NONREF//2012080100345193
ORG IMPRESS DECBR PAP DEC LT BRAZI
:61:1208010801CD7560,S202COBE-0641-129855//2012080100286005
SND BANCO DO BRASIL S.A. CAMPI BNF
:62M:C120801USD29334862,88
-}$
{1:F01SBSAARBAAXXX1164458418}{2:O9502115120801BOFAUS3NAXXX90208420351208020626N}{3:{108:1208020024610-01}}{4:
:20:DAILY STATEMENT
:25:6550316764
:28C:00148/00004
:60M:C120801USD29334862,88
:61:1208010801CD8292,NTRFINVOICEPAYMENT//2012080100179677
ORG RODESOL SA MONTE SND BANCO DE
:61:1208010801CD8452,92NTRFZ116021300310001//2012080100056438
ORG 1/ROLANDO J. STALLI /CH/6 SND
:61:1208010801CD9430,S103NONREF//2012080100349423
ORG AMPACET CHILE LIMITADA. CHILE
:61:1208010801CD9925,NTRFS0622121FB0701//2012080100059736
ORG CITIBANK N.A. NEW Y SND
:61:1208010801CD9980,S103PRIMER PAGO POR//2012080100319096
ORG COMERCIALIZADORA DE INSU CTA 2
:61:1208010801CD10183,33NTRFNONREF//2012073100389087
SND CONSUMER MONEY BBK STANDARD
:61:1208010801CD10241,NTRFNONREF//2012080100317658
ORG MOLINOS RIO DE LA PLATA URUGU
:61:1208010801CD10638,S202COBE0641129693//2012080100315953
SND BANCO CREDITO DEL PERU LIMA,
:61:1208010801CD11100,NTRFS0622141610801//2012080100230971
ORG CITIBANK, N.A. NEW Y SND
:61:1208010801CD11500,NTRFFAAS221309763600//2012080100137391
ORG COMMERZBANK AG FEDER SND
:61:1208010801CD11980,NTRFTT84803521400276//2012080100245073
ORG HERNAN JAVIER ONOFRI CHUBU SND
:61:1208010801CD12980,S103COMPLEMENTO DE J//2012073100254090
ORG 1/INSTITUTO NACIONAL BOL /AO/L
:61:1208010801CD14392,80NTRF023 412161808//2012080100351892
ORG BNA NY CHIPS TRANSITORY
:61:1208010801CD14734,92NTRFC440682OCP080112//2012080100216718
ORG ASOFARMA DE MEXICO S A MEXIC
:61:1208010801CD17230,NTRFST 828258//2012080100353725
ORG BILPA S.A. SANTA SND WELLS
:62M:C120801USD29505922,85
-}$
{1:F01SBSAARBAAXXX1164458419}{2:O9502115120801BOFAUS3NAXXX90208420361208020626N}{3:{108:1208020024611-01}}{4:
:20:DAILY STATEMENT
:25:6550316764
:28C:00148/00005
:60M:C120801USD29505922,85
:61:1208010801CD17449,10NTRF214406681//2012080100192389
ORG MERCATOR TRANSPORT INTER VILLE
:61:1208010801CD17553,NTRF214436399//2012080100195315
ORG SACS LLC (WCA.NET) WINTE SSAU
:61:1208010801CD18432,23S103NONREF//2012080100119851
ORG ADIKEM SDN BHD SELAN SND RHB
:61:1208010801CD19388,62NTRFNONREF//2012080100351914
ORG BONPROLE INDUSTRIAS LACT LIBER
:61:1208010801CD19581,52NTRFNONREF//2012080100210041
ORG 1/ASSICURAZIONI GENERALI /PA/P
:61:1208010801CD19656,NTRF3221394//2012080100286212
ORG DITECH NETWORKS CHECKING SANJO
:61:1208010801CD19677,50NTRFNONREF//2012080100317458
ORG MOLINOS RIO DE LA PLATA URUGU
:61:1208010801CD22808,NTRFRTS/C901773OCP07//2012080100248566
ORG BODEGA Y VINEDOSO.FOURNI CUIT
:61:1208010801CD23254,NTRF214442881//2012080100208944
ORG 1/3 ARROYOS S A /AR/A SND HSBC
:61:1208010801CD24645,NTRFTR   522495//2012080100207245
ORG NOLTISOL S A MONTE SND WELLS
:61:1208010801CD24884,55S103NONREF//2012080100303020
ORG 1/EMBOTELLADORA COCA COL /CL/P
:61:1208010801CD26380,NTRFNONREF//2012080100244779
ORG VAJA CORP MIAMI SND CITIBANK,
:61:1208010801CD29799,82NTRFCOBE-0641-129788//2012080100041327
ORG CORPBANCA SANTI SND WELLS
:61:1208010801CD30501,63NTRFST 827890//2012080100314333
ORG BILPA S.A. SANTA SND WELLS
:61:1208010801CD33151,41NTRFST 828259//2012080100355976
ORG BILPA S.A. SANTA SND WELLS
:62M:C120801USD29853085,23
-}$
{1:F01SBSAARBAAXXX1164458420}{2:O9502115120801BOFAUS3NAXXX90208420371208020626N}{3:{108:1208020024612-01}}{4:
:20:DAILY STATEMENT
:25:6550316764
:28C:00148/00006
:60M:C120801USD29853085,23
:61:1208010801CD34849,51S103NONREF//2012080100285185
ORG MARTEX SOCIEDAD ANON URUGU SND
:61:1208010801CD34910,03S103NONREF//2012080100007789
ORG WORLD COURIER DEL PERU S LIMA
:61:1208010801CD39800,S103NONREF//2012073100268947
ORG CORPURUG PRACTICOS RIO U URUGU
:61:1208010801CD40400,NTRF023 412161306//2012080100351984
ORG BNA NY CHIPS TRANSITORY
:61:1208010801CD41140,NTRFNONREF//2012080100317354
ORG MOLINOSRIO DE LA PLATA S URUGU
:61:1208010801CD42871,S103NONREF//2012073100291367
ORG GOBBA LEATHER INDUSTRIA NOVA
:61:1208010801CD43550,80NTRFNONREF//2012080100343381
ORG BOLLAND DO BRASIL S A BRASI
:61:1208010801CD45727,60NTRFNONREF//2012080100317561
ORG MOLINOS RIO DE LA PLATA URUGU
:61:1208010801CD49446,81NTRFCA120731443642//2012080100036816
ORG ROYALBANK OF CANADA TORON SND
:61:1208010801CD49980,NTRFNONREF//2012080100223850
ORG AVATURE RECRUITING WALL SND
:61:1208010801CD51708,48NTRFCAP OF12/08/01//2012080100342573
ORG FNC SOCIEDAD ANONIMA MONTE SND
:61:1208010801CD60000,NTRF214458008//2012080100254116
ORG AMATISIA MARI CITY SND HSBC
:61:1208010801CD63687,NTRF1694090.21014//2012080100340806
ORG BOLLAND DO BRASIL S A BRASI
:61:1208010801CD65001,54NTRFSWF OF 12/08/01//2012080100290867
ORG PETROQUIMICA CUYO SAIC BUENO
:61:1208010801CD65021,05NTRFSWF OF 12/08/01//2012080100290696
ORG PETROQUIMICA CUYO SAIC BUENO
:62M:C120801USD30581179,05
-}$
{1:F01SBSAARBAAXXX1164458421}{2:O9502115120801BOFAUS3NAXXX90208420381208020626N}{3:{108:1208020024613-01}}{4:
:20:DAILY STATEMENT
:25:6550316764
:28C:00148/00007
:60M:C120801USD30581179,05
:61:1208010801CD67137,24S103NONREF//2012080100263195
ORG SICAD DO BRASIL FITAS AU CAPIV
:61:1208010801CD67480,NTRFAPRIL-MAY-JUNE//2012080100333813
ORG SMART RISK SOLUTIONS INC CORAL
:61:1208010801CD67500,NTRFCAP OF 12/08/01//2012080100340866
ORG CAJA DE VALORES SA BUENO SND
:61:1208010801CD70274,40NTRFST 827935//2012080100353963
ORG BOSCH Y COMPA IA S.A. AV. R
:61:1208010801CD78666,NTRFNONREF//2012080100318005
ORG MOLINOS RIO DE LA PLATA URUGU
:61:1208010801CD79198,NTRFNONREF//2012080100317590
ORG MOLINOS RIO DE LA PLATA URUGU
:61:1208010801CD81815,NTRFFTS1208019183400//2012080100068340
ORG EVENTS WORLDWIDE PTY LTD MERRI
:61:1208010801CD89980,NTRFMT12214000295//2012080100287608
ORG FEIN 06 1282206 STAMF SND
:61:1208010801CD99314,39NTRFLC641529651//2012080100244132
ORG CITIBANK NA DUBLI SND
:61:1208010801CD111841,20NTRFI0012215264V//2012080100348053
ORG SUPERQUIP SERVICOS E EQU RIO D
:61:1208010801CD150344,38NTRFNONREF//2012080100301703
SND CASHPRO ONLINE MONEY BBK
:61:1208010801CD150980,NTRFCAP OF 12/07/31//2012080100039738
ORG INSTITUTE FOR THE INTERN CHICA
:61:1208010801CD174963,NTRFC318348OCP080112//2012080100145560
ORG DISTRIBUIDORA DE MARISCO HUELV
:61:1208010801CD236230,NTRFCVLSP2-953595-12//2012080100298493
ORG COREMAL COMERCIO E REPRE BRASI
:61:1208010801CD328500,40S103NONREF//2012080100100039
ORG K B B SND BANKHAUS LAMPE KG
:62M:C120801USD32435403,06
-}$
{1:F01SBSAARBAAXXX1164458422}{2:O9502115120801BOFAUS3NAXXX90208420391208020626N}{3:{108:1208020024614-01}}{4:
:20:DAILY STATEMENT
:25:6550316764
:28C:00148/00008
:60M:C120801USD32435403,06
:61:1208010801CD331936,28S103NONREF//2012073100371346
ORG EDIFICA SRL TARIJ SND BANCO
:61:1208010801CD373955,NTRFCAP OF 12/08/01//2012080100316893
ORG RICE TECHNOLOGY SOLUTION ALVIN
:61:1208010801CD427466,NTRFL/C 641-52823/1//2012080100161385
ORG FIRST NATIONAL BANK OF N WINDH
:61:1208010801CD752060,52NTRFNONREF//2012080100186004
ORG PISTRELLI HENRY MARTIN A ARGEN
:61:1208010801CD1199980,NTRFNONREF//2012073100289351
SND BANK OF AMERICA DIRECT CHARL
:61:1208010801CD1221000,NTRFNONREF//2012080100157610
ORG MULTIGRAIN AG ZUG 6 SND BANCO
:61:1208010801CD1320473,NTRFL/C 641-52824/1//2012080100162082
ORG FIRST NATIONAL BANK OF N WINDH
:61:1208010801CD3141377,S2022012080100002313//2012080100184902
SND ABN AMRO BANK N.V. (FRML AMSTE
:61:1208010801CD3485607,27NTRFCAP OF 12/08/01//2012080100217380
ORG WEATHERFORD U S L P HOUST SND
:61:1208010801CD9000000,NTRFCAP OF 12/08/01//2012080100302619
ORG BUNGE ARGENTINA S A BUENO SND
:61:1207050801DD51,11NMSCBOA4962-31JUL12//2012080100320597
BNF NYCS CLEARING ACCT ORG BANK OF
:61:1206150801DD110,NMSC026 OPAG 275//2012080100278540
BNF NYCSCLEARING ACCT ORG BANK OF
:61:1208010801DD4981,39S103991026COBI825571//2012080100187747
BNF CELL SIGNLINGTECHNOLOGY ORG
:61:1208010801DD6929,50S103991026COBI825395//2012080100191727
BNF EDITORIAL TUPAC KATARI V ANDA
:61:1208010801DD22095,02S202030 297516148399//2012073100247960
BNF BNP PARIBAS SA (FORMERLY PARIS
:62M:C120801USD53655091,11
-}$
{1:F01SBSAARBAAXXX1164458423}{2:O9502115120801BOFAUS3NAXXX90208420401208020626N}{3:{108:1208020024615-01}}{4:
:20:DAILY STATEMENT
:25:6550316764
:28C:00148/00009
:60M:C120801USD53655091,11
:61:1208010801DD25577,73S202030 297519148401//2012073100247196
BNF BNP PARIBAS SA (FORMERLY PARIS
:61:1207120801DD29975,NMSC026/DEV/680193//2012080100173714
BNF NYCS CLEARING ACCT ORG BANK OF
:61:1208010801DD35465,NDCR290-501-56708//013121098/214/LC
L/C NEGOTIATION 13121098 12/08/01
:61:1208010801DD46736,S103991026COBI825652//2012080100192286
BNF COATEX INC ORG STANDARD BANK
:61:1208010801DD46765,84S103991026COBI825124//2012080100188473
BNF FIBERVISIONS LP ORG STANDARD
:61:1208010801DD48123,40S103991026COBI825544//2012080100191875
BNF UNITED STATES PHARMACOPEIA ORG
:61:1208010801DD58956,NDCR290-501-56523//013105791/214/LC
L/C NEGOTIATION 13105791 12/08/01
:61:1208010801DD96098,58S103991026TRAN458643//2012080100346893
BNF AGILITY LOGISTICS CORP ORG
:61:1208010801DD112682,10S103991026COBI825764//2012080100294699
BNF CARGILL INC MALT ORG STANDARD
:61:1208010801DD123180,24S103991026COBI825642//2012080100192284
BNF GTECH CORPORATION ORG STANDARD
:61:1208010801DD175525,S103991026TRAN457661//2012080100339965
BNF INTELSAT GLOBAL SALES AN LTD
:61:1208010801DD175525,S103991026TRAN457658//2012080100339916
BNF INTELSAT GLOBAL SALES AN MARKE
:61:1208010801DD217108,95S103991026COBI825589//2012080100304826
BNF YAZAKI URUGUAY SA ORG STANDARD
:61:1208010801DD245218,S202030 297501148397//2012073100247970
BNF BNP PARIBAS SA (FORMERLY PARIS
:61:1208010801DD348659,60S103991026COBI825630//2012080100188783
BNF ACER AMERICA CORP ORG STANDARD
:62M:C120801USD51869494,67
-}$
{1:F01SBSAARBAAXXX1164458424}{2:O9502115120801BOFAUS3NAXXX90208420411208020626N}{3:{108:1208020024616-01}}{4:
:20:DAILY STATEMENT
:25:6550316764
:28C:00148/00010
:60M:C120801USD51869494,67
:61:1208010801DD383690,59S202030 297517148400//2012073100247961
BNF BNP PARIBAS SA (FORMERLY PARIS
:61:1208010801DD390000,S103991026COBI825606//2012080100187936
BNF KRONOS CANADA, INC ORG
:61:1208010801DD450000,S103991026TRAN458604//2012080100197254
BNF MEDITERRANEAN SHIPPING COMPANY
:61:1208010801DD500000,S202030 297571148417//2012080100296742
BNF BANCO CENTRAL DE LA REPU BUENO
:61:1208010801DD500000,S202030 297569148419//2012080100299832
BNF BANCO CREDICOOP COOPERAT BUENO
:61:1208010801DD500000,S202030 297562148414//2012080100285764
BNF BANCO CREDICOOP COOPERAT BUENO
:61:1208010801DD612650,S202030 297515148398//2012073100248233
BNF BNP PARIBAS SA (FORMERLY PARIS
:61:1208010801DD703364,05S103991026COBI819958//2012080100295080
BNF IBM IRELAND PRODUCT DIST MITED
:61:1208010801DD990209,94S103991026COBI825793//2012080100323136
BNF BRIGHTSTAR CORPORATION ORG
:61:1208010801DD1000000,S202030 297566148416//2012080100296743
BNF BANCO CREDICOOP COOPERAT BUENO
:61:1208010801DD1000000,S202030 297568148418//2012080100297018
BNF BANCO CREDICOOP COOPERAT BUENO
:61:1208010801DD1000000,S202030 297561148413//2012080100285765
BNF BANCO CREDICOOP COOPERAT BUENO
:61:1208010801DD1207677,57S103991026COBI825872//2012080100346892
BNF SCANIA LATINA AMERICA LTDA.
:61:1208010801DD2000000,S103991026TRAN458719//2012080100315872
BNF STANDARD BANK PLC ORG STANDARD
:61:1208010801DD2000000,S103991026TRAN458586//2012080100197918
BNF VISA INTERNACIONAL ORG
:62M:C120801USD38631902,52
-}$
{1:F01SBSAARBAAXXX1164458425}{2:O9502115120801BOFAUS3NAXXX90208420421208020626N}{3:{108:1208020024617-01}}{4:
:20:DAILY STATEMENT
:25:6550316764
:28C:00148/00011
:60M:C120801USD38631902,52
:61:1208010801DD2000000,S202030 297554148410//2012080100253008
BNF BANCO SUPERVIELLE S.A. BUENO
:61:1208010801DD2000571,85S103991026COBI825791//2012080100323218
BNF BRIGHTSTAR CORPORATION ORG
:61:1208010801DD2035047,48S103991026COBI825789//2012080100323135
BNF BRIGHTSTAR CORPORATION ORG
:61:1208010801DD4500000,S202030 ARGENCLEAR//2012080100288447
BNF INTERBANKING SA PARTICIPANTS F
:61:1208010801DD4802400,S202030 297551148409//2012080100232962
BNF BOFA CANADA BANKNOTES TORON
:62F:C120801USD23293883,19
:64:C120801USD23293883,19
-}$
{1:F01SBSAARBAAXXX1164458426}{2:O9502115120801BOFAUS3NBXXX90476255971208020626N}{3:{108:1208020024675-01}}{4:
:20:DAILY STATEMENT
:25:6550616956
:28C:00148/00001
:60F:C120801USD1140,54
:62F:C120801USD1140,54
:64:C120801USD1140,54
-}$
{1:F01SBSAARBAAXXX1164458432}{2:O9500223120802BOFAGB22AXXX94049299391208020626N}{4:
:20:60086800705B1001
:25:600868007056
:28C:00158/00001
:60F:C120801AUD31449,08
:62F:C120801AUD31449,08
:64:C120801AUD31449,08
-}$
{1:F01SBSAARBAAXXX1164458433}{2:O9500223120802BOFAGB22AXXX94049299691208020626N}{4:
:20:60086800703B1001
:25:600868007030
:28C:00158/00001
:60F:C120801CHF4496,04
:62F:C120801CHF4496,04
:64:C120801CHF4496,04
-}$
{1:F01SBSAARBAAXXX1164458434}{2:O9500223120802BOFAGB22AXXX94049299811208020626N}{4:
:20:60086800706B1001
:25:600868007064
:28C:00158/00001
:60F:C120801DKK262465,47
:62F:C120801DKK262465,47
:64:C120801DKK262465,47
-}$
{1:F01SBSAARBAAXXX1164458435}{2:O9500224120802BOFAGB22CXXX23408485381208020626N}{4:
:20:60086800704B1003
:25:600868007048
:28C:00158/00003
:60M:C120801EUR4992347,34
:61:1208010801D10314,48NTRF991026COBI824917
SCANIA CV AB
:61:1208010801D10000,00NTRF991026COBI825258
EUROVITI SRL
:61:1208010801D9486,00NTRF991026COBI825430
GENUS TECHNOLOGIES
:61:1208010801D8352,00NTRF991026COBI825146
SCANIA CV AB
:61:1208010801D7940,00NTRF991026COBI825255
TECSIS GMBH
:61:1207250801D7584,00NTRF026/DEV/681216
INTA - PAGOS EN FIRME
:61:1208010801D6660,00NTRF991026COBI825281
SARL CEREPLAS
:61:1208010801D6570,00NTRF991026COBI825285
SARL CEREPLAS
:61:1208010801D6393,88NTRF991026COBI823406
VEMAG MASCHINENBAU GMBH.
:61:1208010801D5360,00NTRF991026TRAN458452
FOOD PLUS GMBH
:61:1208010801D5277,80NTRF991026COBI825187
KTB- EUROPE
:61:1208010801D4470,00NTRF991026COBI823571
 BAYERISCHE HYPO UND VEREINSBANK
:61:1208010801D4470,00NTRF991026COBI822358
 BAYERISCHE HYPO UND VEREINSBANK
:61:1208010801D3548,90NTRF991026COBI825428
FLEXO WASH APS
:62M:C120801EUR4895920,28
-}$
{1:F01SBSAARBAAXXX1164458436}{2:O9500224120802BOFAGB22AXXX94049301621208020626N}{4:
:20:60086800704B1004
:25:600868007048
:28C:00158/00004
:60M:C120801EUR4895920,28
:61:1208010801D2809,05NTRF991026TRAN458300
BDP INTERNATIONAL SAS
:61:1208010801D2785,52NTRF991026COBI825246
VOCO GMBH
:61:1208010801D2765,12NTRF991026TRAN458405
CABINET REGIMBEAU
:61:1208010801D2763,00NTRF991026COBI825000
ADVANCED MICRODEVICES PVT LTD.
:61:1208010801D2682,00NTRF991026COBI824981
LIXON SRL
:61:1208010801D2231,24NTRF991026TRAN458330
FILIPPI LIDO SRL
:61:1208010801D1554,11NTRF026COBI824779
A RAYMOND SARL
:61:1208010801D1140,00NTRF026COBI817881
ELECTRICFIL ENGINE COMPONENTS
:61:1208010801D1080,00NTRF991026COBI825143
SCANIA CV AB
:61:1208010801D1007,46NTRF991026TRAN458470
CABINET REGIMBEAU
:61:1208010801C1000,00NTRFTI181653779463
 BANKIA S.A. VALENCIA
:61:1208010801D978,78NTRF991026COBI825287
LUXSCAN TECHNOLOGIES
:61:1208010801D545,50NTRF991026TRAN458469
CABINET REGIMBEAU
:61:1208010801D380,00NTRF991026COBI825236
GENUS TECHNOLOGIES
:62M:C120801EUR4874198,50
-}$
{1:F01SBSAARBAAXXX1164458439}{2:O9500224120802BOFAGB22AXXX94049302451208020626N}{4:
:20:60086800704B1001
:25:600868007048
:28C:00158/00001
:60F:C120801EUR5188950,82
:61:1208010801C500000,00NTRFBNPAPP2253SBSABA
 BNP PARIBAS
:61:1208010801D215000,00NTRF991026COBI825290
GAMBRO LUNDIA AB
:61:1208010801C200000,00NTRFBNPAPP2609SBSABA
 BNP PARIBAS
:61:1208010801C120000,00NTRFPET202859214
 BANCO BILBAO VIZCAYA ARGENTARIA
:61:1208010801D66089,34NTRF991026COBI824924
SCANIA CV AB
:61:1208010801D64122,81NTRF991026COBI825347
ITRON GMBH
:61:1208010801D62579,20NTRF991026COBI825233
JUNGHEINRICH AG
:61:1208010801D59537,84NTRF991026COBI825352
ITRON GMBH
:61:1208010801D50594,73NTRF991026COBI825140
SCANIA CV AB
:61:1208010801D42626,92NTRF991026COBI825141
SCANIA CV AB
:61:1208010801D42165,74NTRF991026COBI825234
LISEGA SE
:61:1208010801D39391,20NTRF991026COBI824871
SCANIA CV AB
:61:1208010801D33530,00NTRF991026COBI825237
LISEGA SE
:61:1208010801D31823,25NTRF991026COBI824918
SCANIA CV AB
:62M:C120801EUR5301489,79
-}$
{1:F01SBSAARBAAXXX1164458440}{2:O9500224120802BOFAGB22DXXX23318686481208020626N}{4:
:20:60086800704B1005
:25:600868007048
:28C:00158/00005
:60M:C120801EUR4874198,50
:61:1208010801D203,61NTRF991026TRAN458403
CABINET REGIMBEAU
:61:1208010801D200,23NTRF991026TRAN458402
CABINET REGIMBEAU
:61:1208010801D139,20NTRF991026COBI825485
THYSSENKRUPP POLYSIUS AG
:61:1207130801D88,79NTRF026/DEV/679906
/SA-ESPCESMM
:61:1208010801D41,80NTRF991026TRAN458401
CABINET REGIMBEAU
:62F:C120801EUR4873524,87
:64:C120801EUR4873524,87
-}$
{1:F01SBSAARBAAXXX1164458441}{2:O9500224120802BOFAGB22CXXX23408485641208020626N}{4:
:20:60086800704B1002
:25:600868007048
:28C:00158/00002
:60M:C120801EUR5301489,79
:61:1208010801D30907,32NTRF991026COBI824878
SCANIA CV AB
:61:1208010801D29763,20NTRF991026COBI825298
UNICHEM S.P.A.
:61:1208010801D29039,27NTRF991026COBI824882
SCANIA CV AB
:61:1208010801D27382,80NTRF991026COBI825145
SCANIA CV AB.
:61:1208010801D27266,44NTRF991026COBI824852
SCANIA CV AB
:61:1208010801D25697,32NTRF991026COBI825184
SCANIA CV AB
:61:1208010801D22985,00NTRF991026COBI825351
ITRON GMBH
:61:1208010801D22762,00NTRF991026COBI825182
SCANIA CV AB
:61:1208010801D19313,34NTRF991026COBI823415
VEMAG MASCHINENBAU GMBH
:61:1208010801D19175,64NTRF991026COBI825142
SCANIA CV AB
:61:1208010801D18812,20NTRF991026COBI824980
AACHENER CHEMISCHE WERKE GMBH
:61:1208010801D14098,80NTRF991026COBI825186
SCANIA CV AB
:61:1208010801D11295,37NTRF991026COBI825527
DELLAS SPA
:61:1208010801D10643,75NTRF991026COBI825455
OCULENTIS GMBH
:62M:C120801EUR4992347,34
-}$
{1:F01SBSAARBAAXXX1164458443}{2:O9500225120802BOFAGB22AXXX94049303051208020626N}{4:
:20:60086800701B1001
:25:600868007014
:28C:00158/00001
:60F:C120801GBP112590,84
:61:1208010801D4992,00NTRF991026COBI825209
CONTROL TECHNIQUES DYNAMICS LIMITE
:61:1208010801C1756,40NTRF6008214LDC730001
SANTIAGOJ JOAQUIN CBU
:61:1208010801D1125,00NTRF991026TRAN458451
BRC TRADING
:62F:C120801GBP108230,24
:64:C120801GBP108230,24
-}$
{1:F01SBSAARBAAXXX1164458444}{2:O9500225120802BOFAGB22AXXX94049303471208020626N}{4:
:20:60086800709B1001
:25:600868007098
:28C:00158/00001
:60F:C120801USD111821,50
:62F:C120801USD111821,50
:64:C120801USD111821,50
-}$
{1:F01SBSAARBAAXXX1164458446}{2:O9500225120802BOFAGB22CXXX23408486301208020626N}{4:
:20:60086800708B1001
:25:600868007080
:28C:00158/00001
:60F:D120801JPY45327,
:61:1208010801C28000000,NTRFBNPAPP8541SBSABA
BNP PARIBAS SA PARIS (HEAD OFFICE)
:61:1208010801D14204160,NTRF991026COBI823913
DENSO EUROPE BV
:61:1208010801D14204160,NTRF991026COBI823915
DENSO EUROPE BV
:61:1208010801C2000000,NTRFBNPAPP8193SBSABA
BNP PARIBAS SA PARIS (HEAD OFFICE)
:62F:C120801JPY1546353,
:64:C120801JPY1546353,
-}$
{1:F01SBSAARBAAXXX1164458447}{2:O9500225120802BOFAGB22AXXX94049304091208020626N}{4:
:20:60086800707B1001
:25:600868007072
:28C:00158/00001
:60F:C120801NOK54722,68
:62F:C120801NOK54722,68
:64:C120801NOK54722,68
-}$
{1:F01SBSAARBAAXXX1164458448}{2:O9500225120802BOFAGB22AXXX94049304131208020626N}{4:
:20:60086800702B1001
:25:600868007022
:28C:00158/00001
:60F:C120801SEK22937,12
:61:1208010801C150000,00NTRFBNPAPP8886SBSABA
 BNP PARIBAS
:61:1208010801D85100,00NTRF991026COBI824920
FORMVERKTYG NYNASHAMN AB
:61:1208010801D64680,00NTRF991026COBI821860
SLIP NAXOS
:62F:C120801SEK23157,12
:64:C120801SEK23157,12
-}$
{1:F01SBSAARBAAXXX1164458464}{2:O9402250120801BOFACATTAXXX44482043611208020627N}{4:
:20:71144286620I1001
:25:711442866203
:28C:00154/00001
:60F:C120801CAD191142,80
:62F:C120801CAD191142,80
:64:C120801CAD191142,80
:65:C120802CAD191142,80
:65:C120803CAD191142,80
:65:C120804CAD191142,80
:65:C120805CAD191142,80
:65:C120806CAD191142,80
:86:FORWARD AVAILABLE FUNDS SHOW ITEMS KNOWN BUT NOT YET POSTED
-}$
{1:F01SBSAARBAAXXX1164458465}{2:O9502250120801BOFACATTAXXX44482043841208020627N}{4:
:20:71144286620B1001
:25:711442866203
:28C:00154/00001
:60F:C120801CAD191142,80
:62F:C120801CAD191142,80
:64:C120801CAD191142,80
-}$
{1:F01SBSAARBAAXXX1164458470}{2:O9500019120802CITIUS33AXXX89060876931208020627N}{3:{108:20802DPJ89635USA}}{4:
:20:1376
:25:36933929
:28C:510/0001
:60F:C120801USD3486978,11
:61:120801CD8089,63S100G0122144260001//G0122144260001
B/O VIDRIERIA URUGUAYA S.A.
:61:120801CD11282,38S100S06221402E5D01//S06221402E5D01
B/O DAVID GROVES
:61:120801CD12685,00S100D0422140636901//D0422140636901
B/O HEWLETT PACKARD SERVICIOS
:61:120801CD339980,00S100G0122141120101//G0122141120101
B/O MUENCHENER RUECK
:61:120801DD1195,00S202026/DEV/678738//S0622141B64301
S F/O NIML
:62F:C120801USD3857820,12
:64:C120801USD3857820,12
-}$
{1:F01SBSAARBAAXXX1164458488}{2:O9500227120802BKTRUS33CXXX36377380981208020627N}{3:{108:ST04449286012009}}{4:
:20:ST04449286012009
:25:04449286
:28C:00148/00001
:60F:C120801USD7401135,48
:61:120801C139980,00NTRF03FH120730311114//C380532RBK080112
1/SOS-KINDERDORF
:62F:C120801USD7541115,48
:64:C120801USD7541115,48
-}$
{1:F01SBSAARBAAXXX1164458494}{2:O9500310120802CHASUS33BXXX92181264661208020627N}{3:{108:DDA08015430877}}{4:
:20:ST08010777148065
:25:777148065
:28C:00148/00001
:60F:C120731USD1000000,28
:61:120801CD13073669,00NSEC31Y9997520213//2132003735XN
REPAY AIP PRINCIPAL DATED GAN CHAS
:61:120801CD12299980,00NTRFPREST. FCIERO//6606400214FC
OROPLATA SA AR
:61:120801CD107873,00NTRF001B20801MT07252//1497500214EZ
SOCIETE GENERALE NY - BY CHIPS/FED
:61:120801CD27910,00S103NONREF//7676100214JS
BANCO J.P. MORGAN S.A. SAO PAULO-S
:61:120801CD23733,50S103NONREF//5131400212FS
CATALUNYA BANC, S.A. SPAIN SPAIN
:61:120801CD11907,22NTRFGT01540385569019//5457400214FC
PROCTER GAMBLE PERU S R L LIMA, PE
:61:120801CD5000,00S103NONREF//8549200214JS
BANCO DE CREDITO DEL PERU LIMA LIM
:61:120801CD4780,00NTRFO/B UNITED NATIO//R-7453809214FF
UNITED NATIONS FEDERAL CREDIT UNIO
:61:120801CD4541,00NTRF3058OPE2003AAAC1//0031600214FC
1/AMALIA ABUY NGUERE 3/GQ/PUEBLA D
:61:120801CD2512,00S103NONREF//5968700213FS
BANCO NACIONAL DE COSTA RICA SAN J
:61:120801CD1695,00NTRF214468875//6812600214FC
M.LARIVEE INTERNATIONAL INC. MONTR
:61:120801CD1430,00NMSCNONREF//0001931213FH
CREDIT B/D NON BANK REF
:61:120801CD626,30NTRF214464436//6620000214FC
PETROLEO BRASILEIRO SA PETROBRAS R
:61:120801CD467,00NTRF214464603//6625100214FC
PETROLEO BRASILEIRO SA PETROBRAS R
:61:120801CD116,00NTRFGT01540385570173//6212900214FC
PROCTER GAMBLE INTERNATIONAL PETIT
:61:120801CD32,68FINT31Y9971316214//2141001316XP
RATE.0009 YIELD.
:61:120801CD15,00NMSCNONREF//0000602213FH
SWIFT MT103 B/D REF
:61:120801DD25565969,00NSEC31Y9997500214//2144002504NY
END-OF-DAY INVESTMENT SWEEP
:61:120801DD318,00S103026TRAN454471//8674000214JS
:62F:C120801USD1000000,98
:64:C120801USD1000000,98
-}